@article{lundberg2017unified,
  title={A unified approach to interpreting model predictions},
  author={Lundberg, Scott M and Lee, Su-In},
  journal={Advances in neural information processing systems},
  volume={30},
  year={2017}
}

@article{shapley1953value,
  title={A value for n-person games},
  author={Shapley, Lloyd S and others},
  journal={Classics in game theory},
  year={1953},
  publisher={Princeton University Press Princeton}
}

@article{fryer2021shapley,
  title={Shapley values for feature selection: The good, the bad, and the axioms},
  author={Fryer, Daniel and Str{\"u}mke, Inga and Nguyen, Hien},
  journal={Ieee Access},
  volume={9},
  pages={144352--144360},
  year={2021},
  publisher={IEEE}
}

@article{huang2023inadequacy,
  title={The inadequacy of Shapley values for explainability},
  author={Huang, Xuanxiang and Marques-Silva, Joao},
  journal={arXiv preprint arXiv:2302.08160},
  year={2023}
}

@incollection{marques2023logic,
  title={Logic-based explainability in machine learning},
  author={Marques-Silva, Joao},
  booktitle={Reasoning Web. Causality, Explanations and Declarative Knowledge: 18th International Summer School 2022, Berlin, Germany, September 27--30, 2022, Tutorial Lectures},
  pages={24--104},
  year={2023},
  publisher={Springer}
}

@article{lundberg2020local,
  title={From local explanations to global understanding with explainable AI for trees},
  author={Lundberg, Scott M and Erion, Gabriel and Chen, Hugh and DeGrave, Alex and Prutkin, Jordan M and Nair, Bala and Katz, Ronit and Himmelfarb, Jonathan and Bansal, Nisha and Lee, Su-In},
  journal={Nature machine intelligence},
  volume={2},
  number={1},
  pages={56--67},
  year={2020},
  publisher={Nature Publishing Group}
}

@inproceedings{arenas2021tractability,
  title={The tractability of SHAP-score-based explanations for classification over deterministic and decomposable boolean circuits},
  author={Arenas, Marcelo and Barcel{\'o}, Pablo and Bertossi, Leopoldo and Monet, Mika{\"e}l},
  booktitle={Proceedings of the AAAI Conference on Artificial Intelligence},
  volume={35},
  pages={6670--6678},
  year={2021}
}
% number={8},


@article{van2022tractability,
  title={On the tractability of SHAP explanations},
  author={Van den Broeck, Guy and Lykov, Anton and Schleich, Maximilian and Suciu, Dan},
  journal={Journal of Artificial Intelligence Research},
  volume={74},
  pages={851--886},
  year={2022}
}

@article{arenas2023complexity,
  title={On the complexity of SHAP-score-based explanations: Tractability via knowledge compilation and non-approximability results},
  author={Arenas, Marcelo and Barcel{\'o}, Pablo and Bertossi, Leopoldo and Monet, Mika{\"e}l},
  journal={Journal of Machine Learning Research},
  volume={24},
  number={63},
  pages={1--58},
  year={2023}
}

@article{frye2019asymmetric,
  title={Asymmetric shapley values: incorporating causal knowledge into model-agnostic explainability},
  author={Frye, Christopher and Rowat, Colin and Feige, Ilya},
  journal={arXiv preprint arXiv:1910.06358},
  year={2019}
}


@article{pearl1986bayesianInference,
  title={Fusion, Propagation, and Structuring in Belief Networks},
  author={Pearl, Judea},
  journal={Artificial Intelligence},
  volume={29},
  number={3},
  pages={241-288},
  year={1986},
  publisher={Elsevier Science Publishers B.V. (North-Holland)}
}

@book{Darwiche_2009, place={Cambridge}, title={Modeling and Reasoning with Bayesian Networks}, publisher={Cambridge University Press}, author={Darwiche, Adnan}, year={2009}, pages={126-152}}


@article{KNUTH1974153,
title = {A structured program to generate all topological sorting arrangements},
journal = {Information Processing Letters},
volume = {2},
number = {6},
pages = {153-157},
year = {1974},
issn = {0020-0190},
doi = {https://doi.org/10.1016/0020-0190(74)90001-5},
url = {https://www.sciencedirect.com/science/article/pii/0020019074900015},
author = {Donald E. Knuth and Jayme L. Szwarcfiter},
keywords = {data structures, programming languages, combinatorial problems}
}